%% GitHub repository

@misc{chang2025document,
  title = {\LaTeX~document template},
  author = {Chang, Heng-Sheng},
  year = {2025},
  publisher = {GitHub},
  journal = {GitHub repository},
  howpublished = {\url{https://github.com/hanson-hschang/LaTeX-Document-Template}}
}

@misc{sleepymalc2022template,
  title = {LaTeX template},
  author = {sleepymalc},
  year = {2022},
  publisher = {GitHub},
  journal = {GitHub repository},
  howpublished = {\url{https://github.com/sleepymalc/LaTeX-Template/releases/tag/v1.0}}
}